@Unpublished{pedanet:esiselvitys,
  title = 	 {{K}eski-{S}uomen {PEDANET} -hanke},
  month =	 dec,
  year =	 1996,
  organization = {Jyväskylän Yliopisto},
  author =	{Neittaanmäki, P. and Juutilanen, P. and Hautamäki, J. and Kotikoski, S. and Lehmonen, J. and Välijärvi, J.},
  note =	{Työryhmän Keski-Suomen liitolle toimittama esiselvitys}
}

@Book{tufte:explanations,
  title = 	{{V}isual {E}xplanations: {I}mages and {Q}uantities, {E}vidence and {N}arrative},
  author =	{{T}ufte, {E}dward},
  publisher =	{Graphics Press},
  isbn =	{0961392126},
  year =	1997,
}

@Misc{greenspun:nielsen,
  title = 	{What can we learn from {J}akob {N}ielsen},
  author =	{{G}reenspun, {P}hilip},
  month =	jun,
  year =	2004,
  url =		{http://philip.greenspun.com/ancient-history/nielsen}
}

@inbook{patton,
  title = 	{{H}ow to {U}se {Q}ualitative {M}ethods in {E}valuation},
  author =	{Patton, Michael Quinn},
  publisher =	{Sage Publications},
  asin =	{B000112984},
  year =	1997,
  pages =	{146--149}
}


@Misc{korpela:www,
  title = 	{Datatekniikka ja viestintä},
  month =	jun,
  year =	2004,
  url =		{http://www.cs.tut.fi/~jkorpela/},
  author =	"Korpela, Jukka"
}

@Misc{nielsen:www,
  title = 	{{J}akob {N}ielsen's {C}olumn on {W}eb {U}sability},
  month =	jun,
  year =	2004,
  url =		{http://www.useit.com/alertbox/},
  author =	"Nielsen, Jakob"
}

@Book{korpela:web-suunnittelu,
  title =	{{WEB}-suunnittelu},
  year =	2003,
  publisher = 	{Docendo Finland Oy},
  isbn =	{951-846-172-4},
  author =	{{K}orpela, {J}ukka and {L}injama, {T}ero}
}

@Book{nielsen:usability,
  title = 	{{D}esigning {W}eb {U}sability: {T}he {P}ractice of {S}implicity},
  author =	{{N}ielsen, {J}akob},
  publisher = 	{Pearson Education},
  isbn = 	{156205810X},
  year =	1999
}

@Misc{w3:home,
  title = 	 {{W}orld {W}ide {W}eb {C}onsortium ({W3C})},
  month =	 apr,
  year =	 2003,
  organization = {W3C},
  url = 	{http://www.w3.org/},
  key = 	"W3C"
}

@Misc{ietf:home,
  title = 	 {{T}he {I}nternet {E}ngineering {T}ask {F}orce ({IETF})},
  month =	 apr,
  year =	 2003,
  organization = {IETF},
  url = {http://www.ietf.org/},
  key =		"IETF"
}

@Manual{w3:xml_v1_0,
  title = 	 {Extensible Markup Language (XML) 1.0},
  month =	 feb,
  year =	 1998,
  organization = {W3C},
  url = {http://www.w3.org/TR/1998/REC-xml-19980210}
}

@Manual{w3:xml_v1_0se,
  title = 	 {Extensible Markup Language (XML) 1.0 (Second Edition)},
  month =	 oct,
  year =	 2000,
  organization = {W3C},
  url = {http://www.w3.org/TR/REC-xml}
}

@Manual{w3:xml_stylesheets,
  title = 	 {Associating Style Sheets with XML documents Version 1.0},
  month =	 apr,
  year =	 2003,
  organization = {W3C},
  url = {http://www.w3.org/TR/xml-stylesheet/}
}


@Manual{w3:xml_schema_formal,
  title = 	 {XML Schema: Formal Description},
  month =	 apr,
  year =	 2003,
  organization = {W3C},
  url = {http://www.w3.org/TR/xmlschema-formal/}
}

@Manual{w3:xml_schema_part0,
  title = 	 {XML Schema Part 0: Primer},
  month =	 apr,
  year =	 2003,
  organization = {W3C},
  url = {http://www.w3.org/TR/xmlschema-0/}
}

@Manual{w3:xml_schema_part1,
  title = 	 {XML Schema Part 1: Structures},
  month =	 apr,
  year =	 2003,
  organization = {W3C},
  url = {http://www.w3.org/TR/xmlschema-1/}
}

@Manual{w3:xml_schema_part2,
  title = 	 {XML Schema Part 1: Datatypes},
  month =	 apr,
  year =	 2003,
  organization = {W3C},
  url = {http://www.w3.org/TR/xmlschema-2/}
}


@Manual{web:markupformats,
  title = 	 {Structured markup formats},
  month =	 apr,
  year =	 2003,
  organization = {The Digital Information Office},
  url = {http://dio.cdlr.strath.ac.uk/standards/fileformats/markupformats.html}
}


@Manual{web:using_xml_schema,
  title = 	 {Using W3C XML Schema},
  month =	 apr,
  year =	 2003,
  organization = {xml.com},
  url = {http://www.xml.com/pub/a/2000/11/29/schemas/part1.html}
}


@Manual{w3:xpath,
  title = 	 {XML Path Language (XPath) Version 1.0},
  month =	 apr,
  year =	 2003,
  organization = {W3C},
  url = {http://www.w3.org/TR/xpath}
}
@Manual{w3:xsl,
  title = 	 {The Extensible Stylesheet Language (XSL)},
  month =	 apr,
  year =	 2003,
  organization = {W3C},
  url = {http://www.w3.org/Style/XSL/}
}
@Manual{w3:xslt,
  title = 	 {XSL Transformations (XSLT) Version 1.0},
  month =	 apr,
  year =	 2003,
  organization = {W3C},
  url = {http://www.w3.org/TR/xslt}
}
@Manual{w3:css,
  title = 	 {Cascading Style Sheets Homepage},
  month =	 apr,
  year =	 2003,
  organization = {W3C},
  url = {http://www.w3.org/Style/CSS/}
}
@Manual{w3:xhtml,
  title = 	 {{XHTML} 1.0 {T}he {E}xtensible {H}yper{T}ext {M}arkup {L}anguage ({S}econd {E}dition)},
  month =	 apr,
  year =	 2003,
  organization = {W3C},
  url = {http://www.w3.org/TR/xhtml1/}
}

@Manual{w3:xhtml2,
  title = 	 {{XHTML} 2.0},
  month =	 apr,
  year =	 2003,
  organization = {W3C},
  url = {http://www.w3.org/TR/xhtml2/}
}

@Manual{w3:xhtml_basic,
  title = 	 {{XHTML} {B}asic},
  month =	 apr,
  year =	 2003,
  organization = {W3C},
  url = {http://www.w3.org/TR/xhtml-basic/}
}

@Manual{w3:xforms,
  title = 	 {{XForms} - {T}he {N}ext {G}eneration of {W}eb {F}orms},
  month =	 apr,
  year =	 2003,
  organization = {W3C},
  url = {http://www.w3.org/MarkUp/Forms/}
}

@Manual{w3:svg,
  title = 	 {{S}calable {V}ector {G}raphics ({SVG}) 1.0 {S}pecification},
  month =	 apr,
  year =	 2003,
  organization = {W3C},
  url = {http://www.w3.org/TR/SVG/}
}
@Manual{w3:svg_basic,
  title = 	 {{M}obile {SVG} {P}rofiles: {SVG} {T}iny and {SVG} {B}asic},
  month =	 apr,
  year =	 2003,
  organization = {W3C},
  url = {http://www.w3.org/TR/SVGMobile/}
}
@Manual{w3:smil,
  title = 	 {{S}ynchronized {M}ultimedia},
  month =	 apr,
  year =	 2003,
  organization = {W3C},
  url = {http://www.w3.org/AudioVideo/}
}

@Manual{ms:html+time,
  title = 	 {{HTML+TIME} 2.0 {R}eference},
  month =	 apr,
  year =	 2003,
  organization = {Microsoft},
  url = {http://msdn.microsoft.com/workshop/author/behaviors/reference/time2_entry.asp}
}

@Manual{w3:html,
  title = 	 {HTML 4.01 Specification},
  month =	 apr,
  year =	 2003,
  organization = {W3C},
  url = {http://www.w3.org/TR/html4/}
}

@Manual{web:mozilla,
  title = 	 {mozilla.org},
  month =	 apr,
  year =	 2003,
  organization = {W3C},
  url = {http://mozilla.org/}
}

@Manual{web:xml_introduction,
  title = 	 {Introduction to XML},
  month =	 apr,
  year =	 2003,
  organization = {W3 Schools},
  url = {http://www.w3schools.com/xml/xml_whatis.asp}
}

@Manual{web:xml_tutorial,
  title = 	 {XML tutorial},
  month =	 apr,
  year =	 2003,
  organization = {W3 Schools},
  url = {http://www.w3schools.com/xml/}
}

@Manual{w3:mathml,
  title = 	 {W3C Math Home},
  month =	 apr,
  year =	 2003,
  organization = {W3C},
  url = {http://www.w3.org/Math/}
}
@Manual{w3:mathml1,
  title = 	 {Mathematical Markup Language (MathML) 1.01 Specification},
  month =	 apr,
  year =	 2003,
  organization = {W3C},
  url = {http://www.w3.org/TR/REC-MathML/}
}
@Manual{w3:mathml2,
  title = 	 {Mathematical Markup Language (MathML) Version 2.0},
  month =	 apr,
  year =	 2003,
  organization = {W3C},
  url = {http://www.w3.org/TR/MathML2/}
}

@Book{knuth:the_texbook,
  author =       {Knuth, Donald E.},
  title =        {The {\TeX}{}book},
  publisher =    "Addison-Wesley",
  year =         "1984",
  isbn =         "0-201-13448-9",
  address =	 {Reading, Massachusetts}
}

@Article{yle:supertekstitv,
  author = 	 {Samppa Sihvonen and Visa Noronen},
  title = 	 {Superteksti-tv on kaikille helppo käyttää},
  journal = 	 {YLEn tekniikan tiedotuslehti},
  year = 	 2001,
  month =	 sep,
  url = {http://www.yle.fi/tekniikka/tklehti/tk84/index.htm}
}

@Article{zdnews:office2003,
  author = 	 {Joe Wilcox},
  title = 	 {Office 2003 keeps a lock on XML file formats},
  journal = 	 {ZD News},
  month =	 apr,
  year = 	 2003,
  url = {http://news.zdnet.co.uk/story/0,,t269-s2133367,00.html}
}
@Manual{ms:office2003xml,
  title = 	 {Microsoft Office Word 2003 XML Object Model Overview},
  month =	 apr,
  year =	 2003,
  organization = {Microsoft},
  url = {http://msdn.microsoft.com/library/en-us/dno2k3ta/html/odc_wdxmlom.asp}
}
@Manual{ms:office2003,
  title = 	 {Microsoft Office 2003},
  month =	 apr,
  year =	 2003,
  organization = {Microsoft},
  url = {http://msdn.microsoft.com/library/en-us/dno2k3ta/html/ODC_Office2003Page.asp}
}


@Manual{web:xml_minus_hype,
  title = 	 {XML: Some hyperlinks minus the hype},
  month =	 apr,
  year =	 2003,
  organization = {Avaya Labs Research},
  url = {http://www.research.avayalabs.com/user/wadler/xml/index.html}
}


@Manual{adile:adile,
  title = 	 {ADILE: Architecture of a Database-Supported Learning Environment},
  month =	 apr,
  year =	 2003,
  organization = {Interactive Learning Research},
  url = {http://wwwhome.ctit.utwente.nl/~hiddinkg/professional/papers/jilr.pdf}
}

@Manual{adile:demo,
  title = 	 {DILE prototype},
  month =	 apr,
  year =	 2003,
  organization = {Interactive Learning Research},
  url = {http://www.wwcn.org/~grit/dile}
}

@Manual{eml:home,
  title = 	 {Learning Networks},
  month =	 apr,
  year =	 2003,
  organization = {The Educational Technology Expertise Centre of the Open University of The Netherlands},
  url = {http://eml.ou.nl/}
}

@Manual{imsproject:home,
  title = 	 {IMS Global Learning Consortium, Inc},
  month =	 apr,
  year =	 2003,
  organization = {IMS Global Learning Consortium, Inc},
  url = {http://www.imsproject.org/}
}

@Manual{pedanet:home,
  title = 	 {Peda.net - kouluverkko},
  month =	 apr,
  year =	 2003,
  organization = "Peda.net",
  url = 	"http://peda.net/",
  key = 	"Peda.net"
}

@Manual{ietf:http,
  title = 	 {{H}yper{T}ext {T}ransfer {P}rotocol -- HTTP/1.1},
  month =	 apr,
  year =	 2003,
  organization = {IETF, Network Working Group},
  url = {http://www.ietf.org/rfc/rfc2616.txt}
}

@Misc{korpela:file_input,
  title = 	 {File input (or `upload') in HTML forms},
  author =	 {Jukka K. Korpela},
  month =	 apr,
  year =	 2003,
  organization = {Tampereen teknillinen yliopisto, tietotekniikan osasto},
  url = {http://www.cs.tut.fi/~jkorpela/forms/file.html}
}

@Misc{korpela:html_forms,
  title = 	 {How to write HTML forms},
  author =	 {Jukka K. Korpela},
  month =	 apr,
  year =	 2003,
  organization = {Tampereen teknillinen yliopisto, tietotekniikan osasto},
  url = {http://www.cs.tut.fi/~jkorpela/forms/index.html}
}

@Misc{korpela:html_choices,
  title = 	 {Choices in HTML forms},
  author =	 {Jukka K. Korpela},
  month =	 apr,
  year =	 2003,
  organization = {Tampereen teknillinen yliopisto, tietotekniikan osasto},
  url = {http://www.cs.tut.fi/~jkorpela/forms/choices.html}
}

http://www.cs.tut.fi/~jkorpela/HTML4.0/comments.html
http://www.cs.tut.fi/~jkorpela/transl/master.html
http://www.webthing.com/tutorials/cgifaq.html
